@article{lecun2015deep,
  title={Deep learning},
  author={LeCun, Yann and Bengio, Yoshua and Hinton, Geoffrey},
  journal={Nature},
  volume={521},
  number={7553},
  pages={436--444},
  year={2015}
}

@book{golub2013matrix,
  title={Matrix computations},
  author={Golub, Gene H and Van Loan, Charles F},
  year={2013},
  publisher={JHU Press}
}

@article{chetlur2014cudnn,
  title={cudnn: Efficient primitives for deep learning},
  author={Chetlur, Sharan and Woolley, Cliff and Vandermersch, Philippe and Cohen, Jonathan and Tran, John and Catanzaro, Bryan and Shelhamer, Evan},
  journal={arXiv preprint arXiv:1410.0759},
  year={2014}
}

@book{kepner2011graph,
  title={Graph algorithms in the language of linear algebra},
  author={Kepner, Jeremy and Gilbert, John},
  year={2011},
  publisher={SIAM}
}

@book{hennessy2011computer,
  title={Computer architecture: a quantitative approach},
  author={Hennessy, John L and Patterson, David A},
  year={2011},
  publisher={Elsevier}
}

@article{owens2008gpu,
  title={GPU computing},
  author={Owens, John D and Houston, Mike and Luebke, David and Green, Simon and Stone, John E and Phillips, James C},
  journal={Proceedings of the IEEE},
  volume={96},
  number={5},
  pages={879--899},
  year={2008}
}

@inproceedings{bell2009implementing,
  title={Implementing sparse matrix-vector multiplication on throughput-oriented processors},
  author={Bell, Nathan and Garland, Michael},
  booktitle={Proceedings of the Conference on High Performance Computing Networking, Storage and Analysis},
  pages={1--11},
  year={2009}
}

@article{nane2015survey,
  title={A survey and evaluation of {FPGA} high-level synthesis tools},
  author={Nane, Razvan and Sima, Vlad-Mihai and Pilato, Christian and Choi, Jongsok and Fort, Blair and Canis, Andrew and Chen, Yu Ting and Hsiao, Hsuan and Brown, Stephen and Ferrandi, Fabrizio and others},
  journal={IEEE Transactions on Computer-Aided Design of Integrated Circuits and Systems},
  volume={35},
  number={10},
  pages={1591--1604},
  year={2015}
}

@inproceedings{zhuo2005sparse,
  title={Sparse matrix-vector multiplication on {FPGAs}},
  author={Zhuo, Ling and Prasanna, Viktor K},
  booktitle={Proceedings of the ACM/SIGDA International Symposium on Field-Programmable Gate Arrays ({FPGA})},
  pages={63--74},
  year={2005}
}

@inproceedings{blodget2003self,
  title={A self-reconfiguring platform},
  author={Blodget, Brandon and James-Roxby, Philip and Keller, Eric and McMillan, Scott and Sundararajan, Prasanna},
  booktitle={Proceedings of the International Conference on Field Programmable Logic and Applications ({FPL})},
  pages={565--574},
  year={2003}
}

@misc{xilinx2024vivado,
  title={Vivado design suite user guide: Dynamic function exchange ({UG909})},
  author={Xilinx},
  year={2024}
}

@misc{xilinx2025ultrascale,
  title={UltraScale Architecture and Product Data Sheet: Overview ({DS890})},
  author={Xilinx},
  year={2025}
}

@misc{xilinx2024kv260,
  title={{Kria} {KV260} Vision {AI} Starter Kit User Guide ({UG1089})},
  author={Xilinx},
  year={2024}
}

@article{vipin2018fpga,
  title={{FPGA} dynamic and partial reconfiguration: A survey of architectures, methods, and applications},
  author={Vipin, Kizheppatt and Fahmy, Suhaib A},
  journal={ACM Computing Surveys ({CSUR})},
  volume={51},
  number={4},
  pages={1--39},
  year={2018}
}

@inproceedings{beckhoff2012go,
  title={Go ahead: A partial reconfiguration framework},
  author={Beckhoff, Christian and Koch, Dirk and Torresen, Jim},
  booktitle={Proceedings of the IEEE International Symposium on Field-Programmable Custom Computing Machines},
  pages={37--44},
  year={2012},
  organization={IEEE}
}

@inproceedings{koch2012partial,
  title={Partial reconfiguration on {FPGAs} in practiceâ€”Tools and applications},
  author={Koch, Dirk and Torresen, Jim and Beckhoff, Christian and Ziener, Daniel and Dennl, Christopher and Breuer, Volker and Teich, J{\"u}rgen and Feilen, Michael and Stechele, Walter},
  booktitle={Proceedings of the International Conference on Architecture of Computing Systems ({ARCS})},
  pages={1--12},
  year={2012},
  organization={IEEE}
}

@book{saad2003iterative,
  title={Iterative methods for sparse linear systems},
  author={Saad, Yousef},
  year={2003},
  publisher={SIAM}
}

@inproceedings{de2020flexible,
  title={Flexible communication avoiding matrix multiplication on {FPGA} with high-level synthesis},
  author={de Fine Licht, Johannes and Kwasniewski, Grzegorz and Hoefler, Torsten},
  booktitle={Proceedings of the ACM/SIGDA International Symposium on Field-Programmable Gate Arrays ({FPGA})},
  pages={244--254},
  year={2020}
}

@inproceedings{pucscacsu2024systolic,
  title={Systolic Array Matrix Multiplication Accelerator},
  author={Pu{\c{s}}ca{\c{s}}u, Alexandru and Ciobanu, C{\u{a}}t{\u{a}}lin Bogdan and Buiu, Octavian},
  booktitle={Proceedings of the International Semiconductor Conference ({CAS})},
  pages={207--210},
  year={2024},
  organization={IEEE}
}

@inproceedings{dorrance2014scalable,
  title={A scalable sparse matrix-vector multiplication kernel for energy-efficient sparse-blas on {FPGAs}},
  author={Dorrance, Richard and Ren, Fengbo and Markovi{\'c}, Dejan},
  booktitle={Proceedings of the ACM/SIGDA International Symposium on Field-Programmable Gate Arrays ({FPGA})},
  pages={161--170},
  year={2014}
}

@book{bobda2007introduction,
  title={Introduction to reconfigurable computing: architectures, algorithms, and applications},
  author={Bobda, Christophe and Hartenstein, Reiner},
  volume={1},
  number={1.5},
  year={2007},
  publisher={Springer}
}

@inproceedings{gonzalez2003using,
  title={Using partial reconfiguration in cryptographic applications: an implementation of the IDEA algorithm},
  author={Gonzalez, Ivan and Lopez-Buedo, Sergio and Gomez, Francisco J and Martinez, Javier},
  booktitle={Proceedings of the International Conference on Field Programmable Logic and Applications ({FPL})},
  pages={194--203},
  year={2003}
}

@article{ram2020dynamic,
  title={Dynamic partial reconfiguration enchanced with security system for reduced area and low power consumption},
  author={Ram, R Saravana and Prabhaker, M Lordwin Cecil and Suresh, K and Subramaniam, Kamalraj and Venkatesan, M},
  journal={Microprocessors and Microsystems},
  volume={76},
  pages={103088},
  year={2020},
  publisher={Elsevier}
}

@article{mitola2002software,
  title={Software radio architecture: a mathematical perspective},
  author={Mitola, Joseph},
  journal={IEEE Journal on selected areas in communications},
  volume={17},
  number={4},
  pages={514--538},
  year={2002}
}
